@book{taocv3,
author = {Knuth, Donald E.},
title = {The art of computer programming,  volume 3: (2nd ed.) sorting and searching},
year = {1998},
isbn = {0201896850},
publisher = {Addison Wesley Longman Publishing Co., Inc.},
address = {USA}
}

@misc{algorithm2e,
  author = {Christophe Fiorio},
  title = {Algorithm2e documentation},
  year = {2023},
  howpublished = {\url{http://ctan.math.illinois.edu/macros/latex/contrib/algorithm2e/doc/algorithm2e.pdf}}
}

@misc{ctan-algorithm2e,
  author = {Christophe Fiorio},
  title = {Algorithm2e on CTAN},
  year = {2023},
  howpublished = {\url{https://ctan.org/pkg/algorithm2e}}
}

@misc{overleaf-algorithms,
  author = {Overleaf},
  title = {Writing Algorithms in LaTeX},
  year = {2023},
  howpublished = {\url{https://www.overleaf.com/learn/latex/Algorithms}}
}

@article{hales2017replicability,
  title={An Introduction to Replicability in Computer Science Research},
  author={Hales, David},
  journal={Journal of Computational Methods},
  volume={13},
  number={1},
  pages={123--145},
  year={2017}
}

@book{popper2005logic,
  title={The Logic of Scientific Discovery},
  author={Popper, K.},
  isbn={9781134470020},
  series={Routledge Classics},
  url={https://books.google.cl/books?id=LWSBAgAAQBAJ},
  year={2005},
  publisher={Taylor \& Francis}
}
@book{algorithms_erickson,
author = {Erickson, Jeff},
year = {2019},
month = {06},
pages = {},
title = {Algorithms},
isbn = {978-1-792-64483-2}
}
@inbook{inbookFonseca,
author = {Fonseca, Jorge and Taghva, Kazem},
year = {2020},
month = {01},
pages = {519-524},
title = {The State of Reproducible Research in Computer Science},
isbn = {978-3-030-43019-1},
doi = {10.1007/978-3-030-43020-7_68}
}

@misc{elsevier_abstract_2024,
  author       = {Elsevier},
  title        = {Differentiating between an introduction and abstract in a research paper},
  year         = {2024},
  url          = {https://scientific-publishing.webshop.elsevier.com/manuscript-preparation/differentiating-between-and-introduction-research-paper/},
  note         = {Accessed: 2024-10-02},
}

@book{GoodScientificPaper,
author = {Mack, Chris and Muxamedova, Lola},
year = {2019},
month = {11},
pages = {},
title = {How to Write a Good Scientific Paper}
}